%% This BibTeX bibliography file was created using BibDesk.
%% https://bibdesk.sourceforge.io/

%% Created for Simone Bartolini at 2021-07-13 16:57:30 +0200 


%% Saved with string encoding Unicode (UTF-8) 


@misc{musdb18,
 	author = {Rafii, Zafar and Liutkus, Antoine and Fabian-Robert St{\"o}ter and Mimilakis, Stylianos Ioannis and Bittner, Rachel},
	title = {The {MUSDB18} corpus for music separation},
	month = dec,
	year = 2017,
	doi = {10.5281/zenodo.1117372},
	url = {https://doi.org/10.5281/zenodo.1117372}
}
	
@online{Demucs_code,
	author = {D{\'e}fossez, Alexandre and Usunier, Nicolas and Bottou, L{\'e}on and Bach, Francis},
	title = {Demucs},
	url = {https://github.com/facebookresearch/demucs/tree/v1}
}

@unpublished{Defossez_2019,
	author = {D{\'e}fossez, Alexandre and Usunier, Nicolas and Bottou, L{\'e}on and Bach, Francis},
	month = Nov,
	title = {Music Source Separation in the Waveform Domain},
	year = {2019},
	url = {https://arxiv.org/pdf/1911.13254v1.pdf}
}

@software{fabian_robert_stoter_2021_4486535,
	author = {Fabian-Robert Stöter and Antoine Liutkus and David Samuel and Luke Miner and Félix Voituret and pyup.io bot and Stickler Bot and tobeperson},
	title = {sigsep/sigsep-mus-eval: museval 0.4.0},
	month = feb,
	year = 2021,
	publisher = {Zenodo},
	version = {v0.4.0},
	doi = {10.5281/zenodo.4486535},
	url = {https://doi.org/10.5281/zenodo.4486535}
}

@InProceedings{SiSEC18,
	author="St{\"o}ter, Fabian-Robert and Liutkus, Antoine and Ito, Nobutaka",
	title="The 2018 Signal Separation Evaluation Campaign",
	booktitle="Latent Variable Analysis and Signal Separation:
	14th International Conference, LVA/ICA 2018, Surrey, UK",
	year="2018",
	pages="293--305"
}